<record><leader>00000cas a22000007a 4500</leader><controlfield tag="001">10776618</controlfield><controlfield tag="008">840526d18621901cauwr ne      0    0eng d</controlfield><datafield ind1=" " ind2=" " tag="010"><subfield code="a">sn 84025961 </subfield></datafield><datafield ind1=" " ind2=" " tag="040"><subfield code="a">NPV</subfield><subfield code="b">eng</subfield><subfield code="c">NPV</subfield><subfield code="d">NPX</subfield><subfield code="d">CNK</subfield><subfield code="d">OCL</subfield><subfield code="d">OCLCF</subfield><subfield code="d">OCLCO</subfield></datafield><datafield ind1=" " ind2=" " tag="042"><subfield code="a">msc</subfield></datafield><datafield ind1="0" ind2="4" tag="245"><subfield code="a">The Weekly Colusa sun.</subfield></datafield><datafield ind1="0" ind2="3" tag="246"><subfield code="a">Colusa sun</subfield></datafield><datafield ind1=" " ind2=" " tag="260"><subfield code="a">Colusa, Cal. :</subfield><subfield code="b">Charles R. Street,</subfield></datafield><datafield ind1=" " ind2=" " tag="300"><subfield code="a">v.</subfield></datafield><datafield ind1=" " ind2=" " tag="310"><subfield code="a">Weekly</subfield></datafield><datafield ind1="0" ind2=" " tag="362"><subfield code="a">Vol. 1, no. 5 (Feb. 1, 1862)-</subfield></datafield><datafield ind1="1" ind2=" " tag="362"><subfield code="a">Ceased with Mar. 30, 1901 issue.</subfield><subfield code="z">Cf. Gregory, W.  Amer. newspapers.</subfield></datafield><datafield ind1=" " ind2=" " tag="500"><subfield code="a">Editor: Will S. Green, &lt;1863-1865&gt;.</subfield></datafield><datafield ind1=" " ind2="0" tag="651"><subfield code="a">Colusa (Calif.)</subfield><subfield code="v">Newspapers.</subfield></datafield><datafield ind1=" " ind2="7" tag="655"><subfield code="a">Newspapers.</subfield><subfield code="2">fast</subfield><subfield code="0">(OCoLC)fst01423814</subfield></datafield><datafield ind1=" " ind2="7" tag="651"><subfield code="a">California</subfield><subfield code="z">Colusa.</subfield><subfield code="2">fast</subfield><subfield code="0">(OCoLC)fst01225004</subfield></datafield><datafield ind1=" " ind2=" " tag="752"><subfield code="a">United States</subfield><subfield code="b">California</subfield><subfield code="c">Colusa</subfield><subfield code="d">Colusa.</subfield></datafield><datafield ind1="0" ind2=" " tag="775"><subfield code="t">Daily Colusa sun</subfield><subfield code="w">(DLC)sn 93053034</subfield></datafield><datafield ind1="0" ind2="0" tag="780"><subfield code="t">Colusa sun</subfield><subfield code="w">(DLC)sn 93053031</subfield></datafield><datafield ind1="0" ind2="7" tag="785"><subfield code="t">Semi-weekly Colusa sun</subfield><subfield code="w">(DLC)sn 93053032</subfield></datafield><datafield ind1="0" ind2="7" tag="785"><subfield code="t">Tri-weekly Colusa sun</subfield><subfield code="w">(DLC)sn 93053033</subfield></datafield></record>